<record><leader>00000cas a22000007a 4500</leader><controlfield tag="001">14387924</controlfield><controlfield tag="008">861013d19781982iauwr ne      0    0eng d</controlfield><datafield ind1=" " ind2=" " tag="010"><subfield code="a">sn 86060298 </subfield></datafield><datafield ind1=" " ind2=" " tag="040"><subfield code="a">INP</subfield><subfield code="b">eng</subfield><subfield code="c">INP</subfield><subfield code="d">OCLCQ</subfield></datafield><datafield ind1=" " ind2=" " tag="042"><subfield code="a">msc</subfield></datafield><datafield ind1="0" ind2=" " tag="130"><subfield code="a">Bee (West Point, Iowa)</subfield></datafield><datafield ind1="1" ind2="4" tag="245"><subfield code="a">The bee.</subfield></datafield><datafield ind1="1" ind2="3" tag="246"><subfield code="a">West Point bee</subfield></datafield><datafield ind1=" " ind2=" " tag="260"><subfield code="a">West Point, Iowa :</subfield><subfield code="b">Dave Spiekermeier,</subfield><subfield code="c">1978-1982.</subfield></datafield><datafield ind1=" " ind2=" " tag="300"><subfield code="a">5 v. :</subfield><subfield code="b">ill.</subfield></datafield><datafield ind1=" " ind2=" " tag="310"><subfield code="a">Weekly</subfield></datafield><datafield ind1="0" ind2=" " tag="362"><subfield code="a">Vol. 85, no. 16 (Apr. 19, 1978)-v. 89, no. 30 (July 28, 1982).</subfield></datafield><datafield ind1=" " ind2=" " tag="525"><subfield code="a">Includes occasional supplements.</subfield></datafield><datafield ind1=" " ind2=" " tag="752"><subfield code="a">United States</subfield><subfield code="b">Iowa</subfield><subfield code="c">Lee</subfield><subfield code="d">West Point.</subfield></datafield><datafield ind1="0" ind2="0" tag="780"><subfield code="t">West Point bee (West Point, Iowa : 1893)</subfield><subfield code="w">(DLC)sn 86060241</subfield></datafield><datafield ind1="0" ind2="0" tag="785"><subfield code="t">West Point bee (West Point, Iowa : 1982)</subfield><subfield code="w">(DLC)sn 86061115</subfield></datafield></record>